@book{Fourier,
  title = {{Fourier Transform}},
  author = {Prof. Brad Osgood, Stanford},
  note = {on-line at: \\ \url{https://see.stanford.edu/materials/lsoftaee261/book-fall-07.pdf}}
}

@book{NI,
  title = {{Nau\v{c}no izra\v{c}uvanje}},
  author = {Mladen Nikoli\'c{} and Andjelka Ze\v{c}evi\'c{}},
  note = {on-line at: \\ \url{http://ni.matf.bg.ac.rs/materijali/ni.pdf}}
}

@misc{PtolemaicModel,
  title = {{The Ptolemaic Model}},
  author = {University of Iowa},
  note = {on-line at: \\ \url{http://www.polaris.iastate.edu/EveningStar/Unit2/unit2_sub1.htm}}
}

@book{AlmostPeriodicFunctions,
  title = {{Almost periodic functions}},
  author = {A. S. Besicovitch},
  note = {on-line at: \\ \url{https://pdfs.semanticscholar.org/372e/c6e7c30f961e1bbab0da36839d235b4b01e3.pdf}}
}

